<record xmlns='http://www.loc.gov/MARC21/slim'><leader>02451cgm a2200517 a 4500</leader><controlfield tag='001'>2664804</controlfield><controlfield tag='005'>20141208223800.0</controlfield><controlfield tag='008'>950420s1986    xx 876 e          vleng d</controlfield><datafield ind1=' ' ind2=' ' tag='035'><subfield code='a'>(NIC)notisANE5784</subfield></datafield><datafield ind1=' ' ind2=' ' tag='035'><subfield code='a'>(OCoLC)63877430</subfield></datafield><datafield ind1=' ' ind2=' ' tag='035'><subfield code='a'>2664804</subfield></datafield><datafield ind1=' ' ind2=' ' tag='040'><subfield code='a'>NIC</subfield><subfield code='c'>NIC</subfield><subfield code='d'>NIC</subfield></datafield><datafield ind1='0' ind2='0' tag='245'><subfield code='a'>Africana studies paradigm</subfield><subfield code='h'>[videorecording] :</subfield><subfield code='b'>tribute to James E. Turner /</subfield><subfield code='c'>[Cornell University, Africana Studies and Research Center].</subfield></datafield><datafield ind1=' ' ind2=' ' tag='260'><subfield code='c'>[1986]</subfield></datafield><datafield ind1=' ' ind2=' ' tag='300'><subfield code='a'>8 videocassettes (876 min.) :</subfield><subfield code='b'>sd., col. ;</subfield><subfield code='c'>1/2 in.</subfield></datafield><datafield ind1=' ' ind2=' ' tag='538'><subfield code='a'>VHS.</subfield></datafield><datafield ind1='0' ind2=' ' tag='511'><subfield code='a'>Speakers, Gwendolyn Brooks, Haki Madhubuti, Ken McClane, S. Sanchez (Tape 1), Sonia Sanchez (Tape 2), John Henrik Clarke, Tilden J. Lemelle, Molefi Asante (Tape 3), Molefi Asante, Barbara Sizemore, Donald Smith, Vivian Gordon (Tape 4), James Baldwin, Haki Madhubuti (Tape 5), Howard Dodson, William Strickland, Ron Walters, Maulana Karenga (Tape 6), Dinner presentations for the tribute to James E. Turner &amp; entertainment by the Harambee Singers (Tape 7&amp;8)</subfield></datafield><datafield ind1=' ' ind2=' ' tag='518'><subfield code='a'>Videotaped live at Cornell University, Africana Studies and Research Center on May 9-10, 1986.</subfield></datafield><datafield ind1=' ' ind2=' ' tag='500'><subfield code='a'>&quot;108a-108h.&quot;</subfield></datafield><datafield ind1=' ' ind2=' ' tag='520'><subfield code='a'>Presentation &amp; tribute to Professor James E. Turner. Tape 7&amp;8 show dinner presentations and entertainment with the Harambee Singers.</subfield></datafield><datafield ind1='1' ind2='0' tag='600'><subfield code='a'>Turner, James,</subfield><subfield code='d'>1940-</subfield></datafield><datafield ind1=' ' ind2='0' tag='650'><subfield code='a'>African Americans</subfield><subfield code='x'>Study and teaching (Higher)</subfield></datafield><datafield ind1=' ' ind2='0' tag='650'><subfield code='a'>African Americans.</subfield></datafield><datafield ind1='1' ind2='7' tag='600'><subfield code='a'>Turner, James,</subfield><subfield code='d'>1940-</subfield><subfield code='2'>fast</subfield><subfield code='0'>(OCoLC)fst01511457</subfield></datafield><datafield ind1=' ' ind2='7' tag='650'><subfield code='a'>African Americans</subfield><subfield code='2'>fast</subfield><subfield code='0'>(OCoLC)fst00799558</subfield></datafield><datafield ind1=' ' ind2='7' tag='650'><subfield code='a'>African Americans</subfield><subfield code='x'>Study and teaching (Higher)</subfield><subfield code='2'>fast</subfield><subfield code='0'>(OCoLC)fst00799710</subfield></datafield><datafield ind1='1' ind2=' ' tag='700'><subfield code='a'>Turner, James,</subfield><subfield code='d'>1940-</subfield></datafield><datafield ind1='1' ind2=' ' tag='700'><subfield code='a'>Brooks, Gwendolyn,</subfield><subfield code='d'>1917-2000.</subfield></datafield><datafield ind1='1' ind2=' ' tag='700'><subfield code='a'>Madhubuti, Haki R.,</subfield><subfield code='d'>1942-</subfield></datafield><datafield ind1='1' ind2=' ' tag='700'><subfield code='a'>McClane, Kenneth A.,</subfield><subfield code='d'>1951-</subfield></datafield><datafield ind1='1' ind2=' ' tag='700'><subfield code='a'>Sanchez, Sonia,</subfield><subfield code='d'>1934-</subfield></datafield><datafield ind1='1' ind2=' ' tag='700'><subfield code='a'>Clarke, John Henrik,</subfield><subfield code='d'>1915-1998.</subfield></datafield><datafield ind1='1' ind2=' ' tag='700'><subfield code='a'>Lemelle, Tilden J.</subfield></datafield><datafield ind1='1' ind2=' ' tag='700'><subfield code='a'>Asante, Molefi Kete,</subfield><subfield code='d'>1942-</subfield></datafield><datafield ind1='1' ind2=' ' tag='700'><subfield code='a'>Sizemore, Barbara A.</subfield></datafield><datafield ind1='1' ind2=' ' tag='700'><subfield code='a'>Smith, Donald.</subfield></datafield><datafield ind1='1' ind2=' ' tag='700'><subfield code='a'>Gordon, Vivian Verdell.</subfield></datafield><datafield ind1='1' ind2=' ' tag='700'><subfield code='a'>Baldwin, James,</subfield><subfield code='d'>1924-1987.</subfield></datafield><datafield ind1='1' ind2=' ' tag='700'><subfield code='a'>Dodson, Howard.</subfield></datafield><datafield ind1='1' ind2=' ' tag='700'><subfield code='a'>Strickland, William.</subfield></datafield><datafield ind1='1' ind2=' ' tag='700'><subfield code='a'>Walters, Ronald W.</subfield></datafield><datafield ind1='1' ind2=' ' tag='700'><subfield code='a'>Karenga,</subfield><subfield code='c'>Maulana.</subfield></datafield><datafield ind1='2' ind2=' ' tag='710'><subfield code='a'>Cornell University.</subfield><subfield code='b'>Africana Studies and Research Center.</subfield></datafield><datafield ind1=' ' ind2=' ' tag='905'><subfield code='a'>19970520120000.0</subfield></datafield><datafield ind1='2' ind2=' ' tag='948'><subfield code='a'>20040621</subfield><subfield code='b'>a</subfield><subfield code='d'>pl233</subfield><subfield code='e'>lts</subfield></datafield><datafield ind1='2' ind2=' ' tag='948'><subfield code='a'>20141208</subfield><subfield code='b'>m</subfield><subfield code='d'>batch</subfield><subfield code='e'>lts</subfield><subfield code='x'>addfast</subfield></datafield></record>